% Hardware papers ================================================================
%

@inproceedings{DPHT:17,
	author	={N.K. {Dumpala} and S.B. {Patil} and D. {Holcomb} and R. {Tessier}},
  	title		={Energy Efficient Loop Unrolling for Low-Cost {FPGAs}}, 
	booktitle	={25th IEEE International Symposium on Field-Programmable Custom Computing Machines (FCCM)}, 
	pages		={117--120},
	year		={2017}	
}

@inproceedings{BBFSRPR:16,
	author 	= {S. Banik and A. Bogdanov and T. Fanni and C. Sau and L. Raffo and F. Palumbo and F. Regazzoni},
	title 	= {Adaptable {AES} Implementation with Power-Gating Support},
	booktitle 	= {Proceedings of the ACM International Conference on Computing Frontiers},
	pages 	= {331--334},
	year 		= {2016}
}

@inproceedings{KSRDM:16,
	author	={M. {Kar} and A. {Singh} and A. {Rajan} and V. {De} and S. {Mukhopadhyay}},
	title		={What does ultra low power requirements mean for side-channel secure cryptography?}, 
	booktitle	={34th IEEE International Conference on Computer Design (ICCD)}, 
	pages		={686--689},
	year		={2016}
}

@inproceedings{KSMRDS:17,
	author	={M. {Kar} and A. {Singh} and S. {Mathew} and A. {Rajan} and V. {De} and S. {Mukhopadhyay}},
	title		={Invited paper: Low power requirements and side-channel protection of encryption engines: Challenges and opportunities}, 
	booktitle	={IEEE/ACM International Symposium on Low Power Electronics and Design (ISLPED)}, 
	pages		={1--2},
	year		={2017}
}

@article{ABLFPH:20,
	author 	= {Aerabi, Ehsan and Bohlouli, Milad and Livany, Mohammad Hasan Ahmadi and Fazeli, Mahdi and Papadimitriou, Athanasios and Hely, David},
	title		= {Design Space Exploration for Ultra-Low-Energy and Secure IoT MCUs},
	journal 	= {ACM Transactions on Embedded Computing Systems},
	publisher	= {Association for Computing Machinery},
	volume 	= {19},
	number 	= {3},
	articleno 	= {19},
	year 		= {2020}
}

@inproceedings{BBR:16,
	author	={S. Banik and A. Bogdanov and F. Regazzoni}, 
	title		={Exploring Energy Efficiency of Lightweight Block Ciphers},
	booktitle	={Selected Areas in Cryptography (SAC)},
	publisher	={Springer-Verlag},
	issue 	={LNCS 9566},
	pages		={178--194},
	year		={2016}
}

@article{UK:14,
	author	={O. A. {Uzun} and S. {K\"{o}se}},
	title		={Converter-Gating: A Power Efficient and Secure On-Chip Power Delivery System}, 
	journal	={IEEE Journal on Emerging and Selected Topics in Circuits and Systems}, 
	volume	={4},
	number	={2},
	pages		={169--179},
	year		={2014}
}

@inproceedings{SCKM:18,
	author	={A. {Singh} and N. {Chawla} and M. {Kar} and S. {Mukhopadhyay}},
	title		={Energy efficient and side-channel secure hardware architecture for lightweight cipher {SIMON}}, 
	booktitle	={IEEE International Symposium on Hardware Oriented Security and Trust (HOST)}, 
	pages		={159--162},
	year		={2018}
}

@article{LLW:08,
	author	={J. {Lamoureux} and G.G.F. {Lemieux} and S.J.E. {Wilton}},
	title		={GlitchLess: Dynamic Power Minimization in {FPGAs} Through Edge Alignment and Glitch Filtering}, 
	journal	={IEEE Transactions on Very Large Scale Integration (VLSI) Systems}, 
	volume	={16},
	number	={11},
	pages		={1521--1534},
	year		={2008}
}

@inproceedings{KDHBS:12,
	author	={S. Kerckhof and F. Durvaux and C. Hocquet and D. Bol and F.-X. Standaert},
	title		={Towards Green Cryptography: A Comparison of Lightweight Ciphers from the Energy Viewpoint},
	booktitle	={Cryptographic Hardware and Embedded Systems (CHES)},
	publisher	={Springer-Verlag},
	issue 	={LNCS 7428},
	pages		={390--407},
	year		={2012}
}

@inproceedings{BBRIHT:16,
	author	={S. {Banik} and A. {Bogdanov} and F. {Regazzoni} and T. {Isobe} and H. {Hiwatari} and T. {Akishita}},
	title		={Round gating for low energy block ciphers}, 
	booktitle	={IEEE International Symposium on Hardware Oriented Security and Trust (HOST)}, 
	pages		={55--60},
	year		={2016},
}

@article{BMAIMBWR:18,
	author	={S. Banik and V. Mikhalev and F. Armknecht and T. Isobe and W. Meier and A. Bogdanov and Y. Watanabe and F. Regazzoni},
	title		={Towards Low Energy Stream Ciphers}, 
	journal	={IACR Transactions on Symmetric Cryptology}, 
	volume	={2018},
	issue		={2},
	pages		={1--19},
	year		={2018}
}
%
%=================================================================================

% Software papers ================================================================
%


@inproceedings{G:19,
	author	={T.A. {Ghaleb}},
	title		={Software Energy Measurement at Different Levels of Granularity}, 
	booktitle	={2019 International Conference on Computer and Information Sciences (ICCIS)}, 
	pages		={1--6},
	year		={2019},
}

@inproceedings{RLF:18,
	author 	= {M. Roth and A. Luppold and H. Falk},
	title 	= {Measuring and Modeling Energy Consumption of Embedded Systems for Optimizing Compilers},
	booktitle 	= {Proceedings of the 21st International Workshop on Software and Compilers for Embedded Systems},
	publisher 	= {Association for Computing Machinery},
	series 	= {SCOPES 18},
	pages 	= {86--89},
	year 		= {2018}
}

@inproceedings{KSA:17,
	author	={V. K. {Kalyanam} and P. G. {Sassone} and J. A. {Abraham}},
	title		={Power prediction of embedded scalar and vector processor: Challenges and solutions}, 
	booktitle	={2017 18th International Symposium on Quality Electronic Design (ISQED)}, 
	pages		={221--228},
	year		={2017}
}

@article{TMW:94,
  	author	={V. {Tiwari} and S. {Malik} and A. {Wolfe}},
  	title		={Power analysis of embedded software: a first step towards software power minimization}, 
  	journal	={IEEE Transactions on Very Large Scale Integration (VLSI) Systems}, 
  	volume	={2},
  	number	={4},
  	pages		={437-445},
  	year		={1994}
}

@inproceedings{MEO:15,
	author	={D. {McCann} and K. {Eder} and E. {Oswald}},
	booktitle	={2015 International Workshop on Secure Internet of Things (SIoT)}, 
	title		={Characterising and Comparing the Energy Consumption of Side Channel Attack Countermeasures and Lightweight Cryptography on Embedded Devices}, 
	pages		={65-71},
	year		={2015}
}

@article{KCNL:08,
	author	={V. {Konstantakos} and A. {Chatzigeorgiou} and S. {Nikolaidis} and T. {Laopoulos}},
	journal	={IEEE Transactions on Instrumentation and Measurement}, 
	title		={Energy Consumption Estimation in Embedded Systems}, 
	volume	={57},
	number	={4},
	pages		={797-804},
	year		={2008},
}

@article{KHIL:18,
	author	={D. Kim and J.-E. Hong and I. Yoon and S.-H. Lee},
	journal	={Cluster Computing}, 
	title		={Code refactoring techniques for reducing energy consumption in embedded computing environment}, 
	volume	={21},
	number	={1},
	pages		={1079--1095},
	year		={2018},
}

% Security Related papers ================================================================
%

@inproceedings {TSS:17,
	author 	= {Adrian Tang and Simha Sethumadhavan and Salvatore Stolfo},
	title 	= {{CLKSCREW}: Exposing the Perils of Security-Oblivious Energy Management},
	booktitle 	= {26th {USENIX} Security Symposium ({USENIX} Security 17)},
	publisher 	= {{USENIX} Association},
	month 	= aug,
	year 		= {2017},
	pages 	= {1057--1074},
}

@inproceedings{GGP:07,
	author="Grabher, Philipp and Gro{\ss}sch{\"a}dl, Johann and Page, Daniel",
	title="Cryptographic Side-Channels from Low-Power Cache Memory",
	booktitle="Cryptography and Coding",
	publisher="Springer-Verlag",
	pages="170--184",
	year={2007},
}

@ARTICLE{TSS:18,
  author={A. {Tang} and S. {Sethumadhavan} and S. {Stolfo}},
  title={Motivating Security-Aware Energy Management}, 
  journal={IEEE Micro}, 
  volume={38},
  number={3},
  pages={98-106},
  year={2018},
}

@INPROCEEDINGS{ZHYYWFLLZ:19,
  author={K. {Zhang} and J. {Huang} and J. {Ye} and X. {Ye} and D. {Wang} and D. {Fan} and H. {Li} and X. {Li} and Z. {Zhang}},
  booktitle={IEEE 25th International Symposium on On-Line Testing and Robust System Design (IOLTS)}, 
  title={{iATPG}: Instruction-level Automatic Test Program Generation for Vulnerabilities under DVFS attack}, 
  year={2019},
  volume={},
  number={},
  pages={287-292},
}

@INPROCEEDINGS {MOGBGP:20,
author = {K. Murdock and D. Oswald and F. D. Garcia and J. Van Bulck and D. Gruss and F. Piessens},
booktitle = {IEEE Symposium on Security and Privacy (SP)},
title = {Plundervolt: Software-Based Fault Injection Attacks against Intel SGX},
year = {2020},
volume = {},
pages = {1466-1482},
month = {may}
}

@INPROCEEDINGS{KWDKK:19,
  author={S. K. {Khatamifard} and L. {Wang} and A. {Das} and S. {Kose} and U. R. {Karpuzcu}},
  booktitle={IEEE International Symposium on High Performance Computer Architecture (HPCA)}, 
  title={{POWERT} Channels: A Novel Class of Covert CommunicationExploiting Power Management Vulnerabilities}, 
  year={2019},
  volume={},
  number={},
  pages={291-303},}

@misc{KFGFS:19,
    title={V0LTpwn: Attacking x86 Processor Integrity from Software},
    author={Zijo Kenjar and Tommaso Frassetto and David Gens and Michael Franz and Ahmad-Reza Sadeghi},
    year={2019},
    eprint={1912.04870},
    archivePrefix={arXiv},
    primaryClass={cs.CR}
}

@INPROCEEDINGS{QWLQ:19,
  author={P. {Qiu} and D. {Wang} and Y. {Lyu} and G. {Qu}},
  booktitle={Asian Hardware Oriented Security and Trust Symposium (AsianHOST)}, 
  title={VoltJockey: Breaking SGX by Software-Controlled Voltage-Induced Hardware Faults}, 
  year={2019},
  volume={},
  number={},
  pages={1-6},}
